@ARTICLE{shivamoggi2010,
       author = {{Shivamoggi}, Bhimsen K.},
        title = "{Hydrodynamic impulse in a compressible fluid}",
      journal = {Physics Letters A},
     keywords = {Physics - Fluid Dynamics},
         year = 2010,
        month = Oct,
       volume = {374},
        pages = {4736-4740},
          doi = {10.1016/j.physleta.2010.09.062},
archivePrefix = {arXiv},
       eprint = {0910.3223},
 primaryClass = {physics.flu-dyn},
       adsurl = {https://ui.adsabs.harvard.edu/#abs/2010PhLA..374.4736S},
      adsnote = {Provided by the SAO/NASA Astrophysics Data System}
}
