@ARTICLE{shivamoggi2010,
       author = {{Shivamoggi}, Bhimsen K.},
        title = "{Hydrodynamic impulse in a compressible fluid}",
      journal = {Physics Letters A},
     keywords = {Physics - Fluid Dynamics},
         year = 2010,
        month = Oct,
       volume = {374},
        pages = {4736-4740},
          doi = {10.1016/j.physleta.2010.09.062},
archivePrefix = {arXiv},
       eprint = {0910.3223},
 primaryClass = {physics.flu-dyn},
       adsurl = {https://ui.adsabs.harvard.edu/#abs/2010PhLA..374.4736S},
      adsnote = {Provided by the SAO/NASA Astrophysics Data System}
}

@ARTICLE{lecoanet&all2014,
       author = {{Lecoanet}, Daniel and {Brown}, Benjamin P. and {Zweibel}, Ellen G. and
         {Burns}, Keaton J. and {Oishi}, Jeffrey S. and {Vasil}, Geoffrey M.},
        title = "{Conduction in Low Mach Number Flows. I. Linear and Weakly Nonlinear Regimes}",
      journal = {\apj},
     keywords = {conduction, convection, stars: interiors, waves, Astrophysics - Solar and Stellar Astrophysics, Physics - Fluid Dynamics},
         year = "2014",
        month = "Dec",
       volume = {797},
          eid = {94},
        pages = {94},
          doi = {10.1088/0004-637X/797/2/94},
archivePrefix = {arXiv},
       eprint = {1410.5424},
 primaryClass = {astro-ph.SR},
       adsurl = {https://ui.adsabs.harvard.edu/\#abs/2014ApJ...797...94L},
      adsnote = {Provided by the SAO/NASA Astrophysics Data System}
}

@BOOK{choudhuri1998,
       author = {{Choudhuri}, Arnab Rai},
        title = "{The physics of fluids and plasmas : an introduction for astrophysicists /}",
    booktitle = {The physics of fluids and plasmas : an introduction for astrophysicists / Arnab Rai Choudhuri.  New York : Cambridge University Press, 1998. QB466.F58 C46 1998},
         year = "1998",
       adsurl = {https://ui.adsabs.harvard.edu/\#abs/1998pfp..book.....C},
      adsnote = {Provided by the SAO/NASA Astrophysics Data System}
}


